<record><leader>00000cas a22000007a 4500</leader><controlfield tag="001">13547331</controlfield><controlfield tag="008">860508c19369999nvuwr ne      0    0eng d</controlfield><datafield ind1=" " ind2=" " tag="010"><subfield code="a">sn 86091468 </subfield></datafield><datafield ind1=" " ind2=" " tag="040"><subfield code="a">UNP</subfield><subfield code="b">eng</subfield><subfield code="c">UNP</subfield><subfield code="d">NNX</subfield><subfield code="d">OCLCQ</subfield></datafield><datafield ind1=" " ind2=" " tag="042"><subfield code="a">msc</subfield></datafield><datafield ind1=" " ind2="4" tag="050"><subfield code="a">AN2.N3</subfield><subfield code="b">W44</subfield></datafield><datafield ind1="0" ind2="0" tag="245"><subfield code="a">Wells progress.</subfield></datafield><datafield ind1="1" ind2="3" tag="246"><subfield code="a">Progress</subfield></datafield><datafield ind1=" " ind2=" " tag="260"><subfield code="a">Wells, Nev. :</subfield><subfield code="b">E.M. Shirton,</subfield><subfield code="c">1936-</subfield></datafield><datafield ind1=" " ind2=" " tag="300"><subfield code="a">v. :</subfield><subfield code="b">ill.</subfield></datafield><datafield ind1=" " ind2=" " tag="310"><subfield code="a">Weekly</subfield></datafield><datafield ind1="0" ind2=" " tag="362"><subfield code="a">Vol. 1, no. 1 (June 26, 1936)-47th year, vol. [i.e. no.] 121 (Sept. 8, 1983); vol. 1, no. 1 (Sept. 15, 1983)-</subfield></datafield><datafield ind1=" " ind2=" " tag="500"><subfield code="a">Title varies slightly: Progress, Sept. 15, 1983-Apr. 25, 1984.</subfield></datafield><datafield ind1=" " ind2=" " tag="752"><subfield code="a">United States</subfield><subfield code="b">Nevada</subfield><subfield code="c">Elko</subfield><subfield code="d">Wells.</subfield></datafield></record>